2097 3579
233 157 299 217 52⁶5
313 139 359 197 6·

229 326 328 364 neo
354 300 584 382 frigore,
623 303 796 365 necin
823 301 996 362 calore
1023 301 1399 383 distemperato
1420 304 1638 382 tenebit,
1670 307 1757 369 sed
1782 308 1887 372 fer-

223 439 290 477 ro
317 417 567 490 manuali,
595 433 647 475 et
673 411 846 497 pascet
862 433 998 472 -cum
1023 435 1210 495 quarta
1237 436 1389 498 parte
1413 419 1760 500 panisffempti·
1784 442 1887 502 pro

223 549 334 588 vno
361 527 631 598 deflerim*
653 545 704 585 et
732 522 912 605 scipho
938 546 1108 605 aque,
1155 525 1191 584 fi
1225 548 1358 586 vero
1395 504 1902 608 furtiuieffugerit(

224 662 289 699 ex
316 659 441 698 tunc
464 638 695 696 creditor
717 633 890 716 ipsum
919 635 1486 721 vbicunquerapuerit
1504 662 1629 701 cum
1655 641 1783 703 scitu
1804 643 1885 724 jtss

220 752 349 811 dicis
375 750 650 831 captiuum
679 745 894 809 tenebit.

311 972 409 1051 17)
455 976 541 1030 Im
564 972 777 1031 Slestvic.
808 971 1061 1054 antiqmff
1087 994 1127 1030 c.
1155 991 1203 1045 a,
1227 994 1342 1048 1⁶4⁰·
1369 992 1447 1057 ap.
1467 975 1652 1054 Kofod.
1679 977 1883 1038 Ancher

216 1089 486 1166 insarrag
529 1086 585 1142 L„
617 1087 671 1141 L.
705 1099 811 1143 ant.
841 1088 1041 1145 Daniac
1068 1087 1353 1167 municipal.
1377 1103 1426 1169 p.
1454 1107 1504 1146 11.
1534 1082 1582 1167 ᾧ.
1613 1107 1693 1163 43.
1743 1093 1879 1148 Item

213 1197 254 1256 fi
283 1199 399 1277 quis
421 1194 773 1255 inuadiauerit
800 1214 996 1255 terram
1021 1194 1105 1254 vel
1135 1217 1252 1257 rem
1279 1195 1600 1277 aliquam‚·fi
1632 1219 1740 1256 non
1760 1200 1878 1262 vult

215 1309 514 1380 redimere,
554 1326 677 1365 cum
701 1307 935 1366 creditor
962 1305 1052 1365 sua
1072 1307 1298 1388 repetit,
1349 1309 1526 1366 mittat
1560 1309 1626 1366 ad
1667 1330 1792 1367 eum
1837 1316 1876 1373 6

214 1419 497 1488 homineS,
533 1418 626 1497 qui
648 1410 896 1477 ‘offerant
930 1419 977 1476 ei
1017 1419 1451 1499 redemptionem
1477 1419 1619 1477 vadii
1646 1417 1785 1479 infra
1811 1425 1893 1482 V.

214 1532 359 1589 diem
380 1577 394 1603 ,
435 1527 474 1588 fi
500 1550 607 1586 non
632 1531 926 1588 redemerit
954 1526 1093 1588 infra
1119 1531 1268 1588 iilum
1312 1531 1605 1588 terminum
1647 1531 1891 1592 creditor·

212 1660 465 1721 proximo
491 1641 685 1720 placito
714 1645 765 1699 6.
796 1641 976 1720 praed.
1011 1642 1215 1699 nunciis
1243 1643 1298 1698 in
1339 1639 1703 1700 testimonium
1741 1641 1880 1721 judi·

213 1755 280 1810 cii
312 1753 486 1834 placiti
509 1754 752 1812 vendicet
778 1751 871 1811 fibi
902 1753 1084 1833 praed.
1111 1769 1308 1811 terram
1329 1799 1343 1825 ,
1388 1749 1424 1810 fi
1453 1773 1585 1812 vero
1622 1753 1766 1812 aliud
1791 1774 1878 1813 va-

211 1865 398 1937 dium,
450 1884 612 1943 quam
656 1883 797 1921 terra
834 1860 1031 1935 fuerit,
1100 1882 1152 1947 et
1189 1863 1420 1920 creditor
1456 1865 1586 1934 illud
1626 1862 1876 1936 amiserit,

211 1996 377 2034 manu
408 1994 500 2034 12.
527 1971 884 2048 confirmabit,
920 1971 973 2033 se
996 1972 1217 2032 vadium
1247 1972 1378 2032 illud
1403 1994 1527 2032 cum
1556 1973 1719 2034 rebus
1747 1995 1874 2056 pro·

209 2086 338 2167 ptiis
376 2081 613 2147 amifisse.

296 2312 394 2385 18)
437 2315 522 2369 Ius
548 2312 764 2371 Slesmic.
790 2325 983 2377 recent.
1015 2330 1058 2371 c.
1089 2323 1174 2385 34.
1198 2314 1285 2370 cit.
1312 2309 1345 2369 l.
1363 2315 1523 2394 p.166.
1602 2312 1745 2369 Cum
1771 2310 1876 2370 ciui-

208 2418 471 2497 obligatus
499 2425 598 2480 erit
625 2443 788 2504 eques
813 2419 903 2481 seu
929 2419 1120 2480 nobilis
1138 2467 1153 2494 ,
1187 2422 1291 2481 ciui
1315 2442 1508 2481 manus
1530 2421 1585 2478 in
1610 2442 1738 2492 eum
1768 2443 1885 2482 vna-

209 2551 333 2590 cum
377 2552 622 2612 praetore
669 2533 890 2612 aliisque
939 2532 1250 2592 conciuibus
1289 2531 1555 2591 iniiciendi
1605 2532 1692 2610 jus
1744 2530 1873 2605 esto,

208 2643 388 2724 quoad
415 2643 531 2722 jure
555 2642 606 2702 se
634 2641 907 2704 defendat.
990 2645 1196 2704 Eadem
1229 2664 1281 2702 et
1305 2644 1374 2703 de
1399 2642 1599 2702 colonis
1613 2643 1873 2726 accipien-

204 2758 290 2818 da.
378 2753 581 2836 Qod‘si
628 2753 680 2814 se
718 2757 1004 2837 quicquam
1043 2755 1242 2817 debere
1277 2755 1622 2833 negauerim,
1664 2742 1875 2836 ²5,.post

205 2868 296 2928 die
323 2863 430 2926 sese
465 2865 754 2938 liberanto,
796 2861 1131 2928 satisdatione
1172 2868 1414 2950 primum
1454 2862 1714 2947 praestita.
1809 2867 1872 2927 C.

214 2991 309 3057 539.
346 2997 470 3059 pag..
516 2984 646 3052 169.
681 2995 683 2997 ’
727 2978 839 3060 Qi
880 2977 952 3036 ob
987 2979 1165 3038 debita
1203 2978 1522 3038 conuenitur
1558 2977 1614 3036 in
1648 2975 1870 3034 comitio

210 3085 479 3148 confessus
517 3091 654 3147 intra
692 3088 805 3148 dies
838 3109 886 3169 5.
915 3087 1140 3165 soluito,
1176 3108 1269 3151 aut
1292 3086 1398 3149 sese
1427 3083 1865 3167 juredefendito,

1794 3197 1859 3257 ld
